@book{rojas-1996,
  author =	 {Ra{\'u}l Rojas},
  title =	 {Neural Networks},
  year =	 1996,
  publisher =	 {Springer Berlin Heidelberg},
  url =		 {https://doi.org/10.1007/978-3-642-61068-4},
  DATE_ADDED =	 {Sat Feb 10 17:38:16 2018},
  doi =		 {10.1007/978-3-642-61068-4},
  pages =	 {nil},
  series =	 {},
}

@misc{Lichman:2013 ,
author = "M. Lichman",
year = "2013",
title = "{UCI} Machine Learning Repository",
url = "http://archive.ics.uci.edu/ml",
institution = "University of California, Irvine, School of Information and Computer Sciences" }

